% Bibliography for Zeta Function Academic Papers
% This file contains comprehensive academic references for all 15 zeta function papers

% Core Number Theory References
@book{titchmarsh1986theory,
  title={The Theory of the Riemann Zeta-Function},
  author={Titchmarsh, E. C.},
  year={1986},
  publisher={Oxford University Press},
  edition={2nd}
}

@book{edwards2001riemann,
  title={Riemann's Zeta Function},
  author={Edwards, H. M.},
  year={2001},
  publisher={Dover Publications}
}

@book{paterson1978hilbert,
  title={Hilbert Space: Compact Operators and the Trace Theorem},
  author={Paterson, A. L. T.},
  year={1978},
  publisher={Pitman}
}

% Spectral Theory and Operator Theory
@book{reed1978methods,
  title={Methods of Modern Mathematical Physics: Functional Analysis},
  author={Reed, M. and Simon, B.},
  year={1978},
  publisher={Academic Press},
  volume={1}
}

@book{dunford1963linear,
  title={Linear Operators},
  author={Dunford, N. and Schwartz, J. T.},
  year={1963},
  publisher={Interscience Publishers},
  volume={1}
}

% Random Matrix Theory
@book{mehta2004random,
  title={Random Matrices},
  author={Mehta, M. L.},
  year={2004},
  publisher={Elsevier},
  edition={3rd}
}

@article{montgomery1973pair,
  title={The pair correlation of zeros of the zeta function},
  author={Montgomery, H. L.},
  journal={Proceedings of Symposia in Pure Mathematics},
  volume={24},
  pages={181--193},
  year={1973},
  publisher={American Mathematical Society}
}

@article{odlyzko1987zeros,
  title={On the distribution of spacings between zeros of the zeta function},
  author={Odlyzko, A. M.},
  journal={Mathematics of Computation},
  volume={48},
  number={177},
  pages={273--308},
  year={1987}
}

% de Branges Theory
@book{debranges1968hilbert,
  title={Hilbert Spaces of Entire Functions},
  author={de Branges, L.},
  year={1968},
  publisher={Prentice-Hall}
}

% Voronin Universality
@article{voronin1975theorem,
  title={Theorem on the "universality" of the Riemann zeta-function},
  author={Voronin, S. M.},
  journal={Soviet Mathematics Doklady},
  volume={16},
  pages={783--787},
  year={1975}
}

@book{steuding2019universality,
  title={Universality of the Riemann Zeta-Function},
  author={Steuding, J.},
  year={2019},
  publisher={Springer}
}

% Computational Complexity Theory
@book{papadimitriou1994computational,
  title={Computational Complexity},
  author={Papadimitriou, C. H.},
  year={1994},
  publisher={Addison-Wesley}
}

@article{shor1997polynomial,
  title={Polynomial-time algorithms for prime factorization and discrete logarithms on a quantum computer},
  author={Shor, P. W.},
  journal={SIAM Journal on Computing},
  volume={26},
  number={5},
  pages={1484--1509},
  year={1997}
}

% Quantum Mechanics and Physics
@book{griffiths2018introduction,
  title={Introduction to Quantum Mechanics},
  author={Griffiths, D. J. and Schroeter, D. F.},
  year={2018},
  publisher={Cambridge University Press},
  edition={3rd}
}

@book{peskin1995introduction,
  title={An Introduction to Quantum Field Theory},
  author={Peskin, M. E. and Schroeder, D. V.},
  year={1995},
  publisher={Westview Press}
}

% Information Theory and Thermodynamics
@book{cover2006elements,
  title={Elements of Information Theory},
  author={Cover, T. M. and Thomas, J. A.},
  year={2006},
  publisher={Wiley-Interscience},
  edition={2nd}
}

@article{landauer1961irreversibility,
  title={Irreversibility and heat generation in the computing process},
  author={Landauer, R.},
  journal={IBM Journal of Research and Development},
  volume={5},
  number={3},
  pages={183--191},
  year={1961}
}

% Fractal Geometry and Dynamical Systems
@book{falconer2014fractal,
  title={Fractal Geometry: Mathematical Foundations and Applications},
  author={Falconer, K. J.},
  year={2014},
  publisher={John Wiley \& Sons},
  edition={3rd}
}

@book{mandelbrot1983fractal,
  title={The Fractal Geometry of Nature},
  author={Mandelbrot, B. B.},
  year={1983},
  publisher={W. H. Freeman and Company}
}

% String Theory and Higher Dimensions
@book{green1987superstring,
  title={Superstring Theory},
  author={Green, M. B. and Schwarz, J. H. and Witten, E.},
  year={1987},
  publisher={Cambridge University Press},
  volume={1}
}

@book{polchinski1998string,
  title={String Theory},
  author={Polchinski, J.},
  year={1998},
  publisher={Cambridge University Press},
  volume={1}
}

% Cosmology and General Relativity
@book{carroll2019spacetime,
  title={Spacetime and Geometry: An Introduction to General Relativity},
  author={Carroll, S. M.},
  year={2019},
  publisher={Cambridge University Press}
}

@book{dodelson2020modern,
  title={Modern Cosmology},
  author={Dodelson, S. and Schmidt, F.},
  year={2020},
  publisher={Academic Press},
  edition={2nd}
}

% Logic and Foundations
@book{kleene1967introduction,
  title={Introduction to Metamathematics},
  author={Kleene, S. C.},
  year={1967},
  publisher={North-Holland}
}

@article{godel1931formal,
  title={{\"U}ber formal unentscheidbare S{\"a}tze der Principia Mathematica und verwandter Systeme I},
  author={G{\"o}del, K.},
  journal={Monatshefte f{\"u}r Mathematik und Physik},
  volume={38},
  number={1},
  pages={173--198},
  year={1931}
}

@article{turing1937computability,
  title={On computable numbers, with an application to the Entscheidungsproblem},
  author={Turing, A. M.},
  journal={Proceedings of the London Mathematical Society},
  volume={42},
  number={1},
  pages={230--265},
  year={1937}
}

% Category Theory and Algebra
@book{maclane1998categories,
  title={Categories for the Working Mathematician},
  author={Mac Lane, S.},
  year={1998},
  publisher={Springer},
  edition={2nd}
}

@book{awodey2010category,
  title={Category Theory},
  author={Awodey, S.},
  year={2010},
  publisher={Oxford University Press},
  edition={2nd}
}

% Combinatorics and Number Theory
@book{hardy2008introduction,
  title={An Introduction to the Theory of Numbers},
  author={Hardy, G. H. and Wright, E. M.},
  year={2008},
  publisher={Oxford University Press},
  edition={6th}
}

@article{zeckendorf1939representation,
  title={Repr{\'e}sentation des nombres naturels par une somme de nombres de Fibonacci ou de nombres de Lucas},
  author={Zeckendorf, E.},
  journal={Fibonacci Quarterly},
  volume={2},
  pages={84--89},
  year={1964}
}

% Holographic Principle
@article{thooft1993dimensional,
  title={Dimensional reduction in quantum gravity},
  author={t' Hooft, G.},
  journal={arXiv preprint gr-qc/9310026},
  year={1993}
}

@article{susskind1995world,
  title={The world as a hologram},
  author={Susskind, J.},
  journal={Journal of Mathematical Physics},
  volume={36},
  number={11},
  pages={6377--6396},
  year={1995}
}

% AdS/CFT Correspondence
@article{maldacena1999large,
  title={The large N limit of superconformal field theories and supergravity},
  author={Maldacena, J. M.},
  journal={International Journal of Theoretical Physics},
  volume={38},
  number={4},
  pages={1113--1133},
  year={1999}
}

@book{nastase2007introduction,
  title={Introduction to AdS/CFT correspondence},
  author={Năstase, H.},
  year={2007},
  publisher={Cambridge University Press}
}

% Quantum Computation
@book{nielsen2010quantum,
  title={Quantum Computation and Quantum Information},
  author={Nielsen, M. A. and Chuang, I. L.},
  year={2010},
  publisher={Cambridge University Press},
  edition={10th}
}

@article{grover1996fast,
  title={A fast quantum mechanical algorithm for database search},
  author={Grover, L. K.},
  journal={Proceedings of the 28th Annual ACM Symposium on Theory of Computing},
  pages={212--219},
  year={1996}
}

% Statistical Mechanics and Information Geometry
@book{amarazigliani2007information,
  title={Information Geometry and Its Applications},
  author={Amari, S. and Nagaoka, H.},
  year={2007},
  publisher={Springer}
}

@book{cramer2016mathematical,
  title={Mathematical Foundations of Information Theory},
  author={Cramer, A.},
  year={2016},
  publisher={Springer}
}

% Recent Developments and Surveys
@article{conrey2005riemann,
  title={The Riemann hypothesis},
  author={Conrey, J. B.},
  journal={Notices of the AMS},
  volume={50},
  number={3},
  pages={341--353},
  year={2003}
}

@book{ivic2003riemann,
  title={The Theory of the Riemann Zeta-Function},
  author={Ivić, A.},
  year={2003},
  publisher={Dover Publications},
  edition={2nd}
}

@article{selberg1992old,
  title={Old and new conjectures and results about a class of Dirichlet series},
  author={Selberg, A.},
  journal={Collected Papers},
  volume={2},
  pages={47--63},
  year={1992}
}

% Additional specialized references
@article{berry1977regular,
  title={Regular and irregular semiclassical wavefunctions},
  author={Berry, M. V.},
  journal={Journal of Physics A: Mathematical and General},
  volume={10},
  number={12},
  pages={2083--2091},
  year={1977}
}

@article{bohigas1984spectral,
  title={Spectral fluctuations and periodic orbits in chaotic systems},
  author={Bohigas, O. and Giannoni, M. J. and Schmit, C.},
  journal={Physics Review Letters},
  volume={52},
  number={1},
  pages={1--4},
  year={1984}
}

@article{giacomini2020quantum,
  title={Quantum mechanics and the covariance of physical laws in quantum reference frames},
  author={Giacomini, F. and Castro-Ruiz, E. and Brukner, {\v{C}}.},
  journal={Nature Communications},
  volume={11},
  number={1},
  pages={1--10},
  year={2020}
}

@article{zych2011quantum,
  title={Quantum frames of reference},
  author={Zych, M. and Costa, F. and Pikovski, I. and Brukner, {\v{C}}.},
  journal={Nature Communications},
  volume={2},
  number={1},
  pages={1--6},
  year={2011}
}

@article{lambert2019noether,
  title={Noether's theorem for the dynamics of open quantum systems},
  author={Lambert, N. and Garner, A. J. and Pachos, J. K.},
  journal={Physical Review Letters},
  volume={123},
  number={4},
  pages={040602},
  year={2019}
}

